%%%%%%%%%%%%%%%%%%%%%%%%%%%%%%%%%%%%%%%%%%%%%%%%%%%%%
% 00MM
%%%%%%%%%%%%%%%%%%%%%%%%%%%%%%%%%%%%%%%%%%%%%%%%%%%%%
@BOOK{Arfken7,
	author = {Arfken, G.B. and Weber, H.J. and Harris, F.E.},
	year = 2013,
	booktitle = {Mathematical methods for physicists: A comprehensive gide},
	edition = 7,
	publisher = {Elsevier},
	adress = {EE.UU.}
	}@article{schwalm2002elliptic,
  title={Elliptic Functions sn, cn, dn, as Trigonometry},
  author={Schwalm, W},
  journal={University of North Dakota},
  year={2002}
}
@article{brizard2009elliptic,
  title={A primer on elliptic functions with applications in classical mechanics},
  author={Brizard, Alain J},
  journal={European Journal of Physics},
  volume={30},
  number={4},
  pages={729},
  year={2009},
  publisher={IOP Publishing}
}
@book{friedman1954elliptic,
   title =     {Handbook of Elliptic Integrals for Engineers and Physicists},
   author =    {Byrd, Paul F.  and Friedman , Morris D. },
   publisher = {Springer Berlin Heidelberg},
   year =      {1954},
   series =    {Die Grundlehren der Mathematischen Wissenschaften 67}
}
@book{carlson1977specialF,
   title =     {Special functions of applied mathematics},
   author =    {Carlson, B.C. },
   publisher = {Academic Press},
   year =      {1977}
}
@book{oliver2010NIST,
   title =     {NIST handbook of mathematical functions},
   author =    {Olver, Frank W. J.  and Lozier, Daniel W.  and Boisvert, Ronald F. and Clark, Charles W. },
   publisher = {Cambridge University Press},
   year =      {2010}
}
@book{Abramowitz1972NBS,
   title =     {Handbook of mathematical functions},
   author =    {Abramowitz, M. and Stegun, I.A.},
   publisher = {NBS},
   year =      {1972},
   edition =   {10}
}
%%%%%%%%%%%%%%%%%%%%%%%%%%%%%%%%%%%%%%%%%%%%%%%%%%%%%
% 10MC
%%%%%%%%%%%%%%%%%%%%%%%%%%%%%%%%%%%%%%%%%%%%%%%%%%%%%	
@misc{UnitFig,
	author={NIST},
	title={Relationships of the SI derived units with special names and symbols and the SI base units},
	howpublished={[Online]},
	year={2019},
	note={Retrive Janyuary 29, 2020. From: https://physics.nist.gov/cuu/Units/SIdiagram.html}
	}
@manual{SIdef,
	title={The International System of Units},
	author={BIPM},
	organization={Bureau international des poids et mesures },
	address={Sèvres, France},
	edition={9},
	year={2019},
	note={Retrive Janyuary 29, 2020. From: https://www.bipm.org/utils/common/pdf/si-brochure/SI-Brochure-9.pdf}
	}

@book{Synge,
        title =      {Principles of Classical Mechanics and Field Theory: Prinzipien der Klassischen Mechanik und Feldtheorie},
        author =      {J. L. Synge (auth.), S. Flügge (eds.)},
   publisher = {Springer-Verlag Berlin Heidelberg},
   year =      {1960},
   series =    {Encyclopedia of Physics / Handbuch der Physik 2 / 3 / 1},
   edition =   {1}
    }
@book{Giachetta2009:CFT,
   title =     {Advanced Classical Field Theory},
   author =    {Giovanni Giachetta, Luigi Mangiarotti, Gennadi Sardanashvily},
   publisher = {World Scientific Publishing Company},
   year =      {2009}
   }
@book{Landau2,
   title =     {The classical theory of fields },
   author =    {Landau, Lifschitz},
   publisher = {},
   year =      {},
   edition =   {},
   volume =    {vol 2}
   }
@book{Thirring1979:CFT,
   title =     {A Course in Mathematical Physics II: Classical Field Theory (Course in Mathematical Physics)},
   author =    {Walter E. Thirring},
   publisher = {},
   year =      {1979}
   }
@book{Soper2008:CFT,
   title =     {Classical Field Theory  },
   author =    {Davison E. Soper},
   publisher = {Dover Publications},
   year =      {2008}
   }

%%%%%%%%%%%%%%%%%%%%%%%%%%%%%%%%%%%%%%%%%%%%%%%%%%%%%
% 20TD
%%%%%%%%%%%%%%%%%%%%%%%%%%%%%%%%%%%%%%%%%%%%%%%%%%%%%   
@article{friend1937,
  title={The origin of Fahrenheit's thermometric scale},
  author={Friend, J Newton},
  year={1937},
  publisher={Nature Publishing Group}
}
%%%%%%%%%%%%%%%%%%%%%%%%%%%%%%%%%%%%%%%%%%%%%%%%%%%%%
% 22TD
%%%%%%%%%%%%%%%%%%%%%%%%%%%%%%%%%%%%%%%%%%%%%%%%%%%%%
@book{landau2014monteCarlo,
  title={A guide to Monte Carlo simulations in statistical physics},
  author={Landau, David P and Binder, Kurt},
  year={2014},
  publisher={Cambridge university press}
}


@article{jovanoviceffective,
  title={THE EFFECTIVE SOLID ANGLE CONCEPT AND ANGLE v3. 0 COMPUTER CODE FOR SEMICONDUCTOR DETECTOR GAMMA-EFFICIENCY CALCULATIONS--APPLICABILITY TO IN-SITU CHARACTERIZATION OF CONTAMINATED SITES},
  author={Jovanovic, S and Dlabac, A and Mihaljevic, N},
  journal={In Situ Analytical Characterization of Contaminated Sites Using Nuclear Spectrometry Techniques},
  pages={141}
}

@book{sethna2021statistical,
  title={Statistical mechanics: entropy, order parameters, and complexity},
  author={Sethna, James},
  volume={14},
  year={2021},
  publisher={Oxford University Press, USA}
  series={Oxford master series in physics}
}

%%%%%%%%%%%%%%%%%%%%%%%%%%%%%%%%%%%%%%%%%%%%%%%%%%%%%
% 40EM
%%%%%%%%%%%%%%%%%%%%%%%%%%%%%%%%%%%%%%%%%%%%%%%%%%%%%
}@BOOK{GriffithsElectro,
	author = {Griffiths, D.},
	year = {1999},
	title = {Introduction to Electrodynamics},
	edition = {3},
	publisher = {Prentice Hall},
	adress = {New Jersey},
	code = {537.6_G855i4}
}
@book{ET:Reitz1992,
   title =     {Foundations of Electromagnetic Theory},
   author =    {Reitz, John R.  and Milford, Frederick J.  and Christy, Robert W. },
   publisher = {Addison Wesley},
   year =      {1992},
   edition =   {4}
}
@book{ET:Dudley1994,
   title =     {Mathematical foundations for electromagnetic theory},
   author =    {Dudley, D.},
   publisher = {IEEE},
   year =      {1994},
   series =    {IEEE Press Series on Electromagnetic Wave Theory}
}
@book{ET:Muller1969,
   title =     {Foundations of the Mathematical Theory of Electromagnetic Waves},
   author =    {Müller, Claus },
   publisher = {Springer-Verlag Berlin Heidelberg},
   year =      {1969},
   series =    {Die Grundlehren der mathematischen Wissenschaften 155}
}
%%%%%%%%%%%%%%%%%%%%%%%%%%%%%%%%%%%%%%%%%%%%%%%%%%%%%
% 50MQ
%%%%%%%%%%%%%%%%%%%%%%%%%%%%%%%%%%%%%%%%%%%%%%%%%%%%%
@BOOK{griffithsQM,
	title={Introduction to quantum mechanics},
 	 author={Griffiths, David J and Harris, Edward G},	
 	 edition={2nd},
  	year={2005},
  	publisher={Pearson Prentice Hall}
}
%%%%%%%%%%%%%%%%%%%%%%%%%%%%%%%%%%%%%%%%%%%%%%%%%%%%%
@book{Ramond2001:FT,
   title =     {Field Theory : A Modern Primer },
   author =    {Pierre Ramond},
   publisher = {Westview Press},
   year =      {2001},
   series =    {Frontiers in Physics Series, Vol 74},
   edition =   {2}
}
%%%%%%%%%%%%%%%%%%%%%%%%%%%%%%%%%%%%%%%%%%%%%%%%%%%%%
% 70ES
%%%%%%%%%%%%%%%%%%%%%%%%%%%%%%%%%%%%%%%%%%%%%%%%%%%%%
@Book{eisberg1974,
  Title                    = {Quantum Physics of Atoms, Molecules, Solids and Nuclei, and Particles},
  Author                   = {Eisberg, R and Resnick, R},
  Publisher                = {Wiley: New York},
  Year                     = {1985},
  Edition                  = {2nd},
  Owner                    = {Carlos},
  Timestamp                = {2014.05.04}
}
%%%%%%%%%%%%%%%%%%%%%%%%%%%%%%%%%%%%%%%%%%%%%%%%%%%%%
% OTROS
%%%%%%%%%%%%%%%%%%%%%%%%%%%%%%%%%%%%%%%%%%%%%%%%%%%%%
@book{F-WBL,
        title ={Física},
        author ={Jerry D. Wilson, Anthony J. Buffa, Bo Lou},
        edition = {6},
  		year={2007},
  		publisher={Pearson Prentice Hall},
		code = {530_W696f6}
}
@BOOK{Sears1,
	author = {Young, H. and  Freedman, R.},
	year = 2009,
	title = {F\'{i}sica universitaria volumen 1},
	edition = 12,
	publisher = {PEARSON EDUCACION},
	adress = {M\'{e}xico},
	code = {530_S439fi12}
}
@BOOK{Sears2,
	author = {Young, H. and  Freedman, R.},
	year = 2009,
	title = {F\'{i}sica universitaria volumen 2},
	edition = 12,
	publisher = {PEARSON EDUCACION},
	adress = {M\'{e}xico},
	code = {530_S439fi12}
}
@book{serway1,
   title={F{\'\i}sica para ciencias e ingenier{\'\i}a: Volumen 1},
   author={Serway, R.A. and Jewett, J.W. and Hern{\'a}ndez, E.G.},
   isbn={9786075266695},
   year={2018},
   edition = 10,
   publisher={Cengage Learning Editores, S.A. de C.V.}
}
@book{serway2,
   title={F{\'\i}sica para ciencias e ingenier{\'\i}a: Volumen 2},
   author={Serway, R.A. and Jewett, J.W. and Hern{\'a}ndez, E.G.},
   year={2018},
   edition = 10,
   publisher={Cengage Learning Editores, S.A. de C.V.}
}
@book{serway9ed,
   title={F{\'\i}sica para ciencias e ingenier{\'\i}a},
   author={Serway, R.A. and Jewett, J.W. and Hern{\'a}ndez, E.G.},
   year={2015},
   edition = 9,
   publisher={Cengage Learning Editores, S.A. de C.V.}
}
